@misc{ wiki:1,
author = "Wikipedia",
title = "Sistema de gestión de aprendizaje",
year = "2019",
url = "\url{https://es.wikipedia.org/wiki/Sistema_de_gesti%C3%B3n_de_aprendizaje}",
note = "[Internet; descargado 2-diciembre-2019 de \url{https://es.wikipedia.org/wiki/Sistema_de_gesti%C3%B3n_de_aprendizaje}]"
}
@misc{ wiki:2,
    author = "Wikipedia",
    title = "Massive Open Online Course",
    year = "2019",
    url = "\url{https://es.wikipedia.org/wiki/Massive_Open_Online_Course}",
    note = "[Internet; descargado 2-diciembre-2019 de \url{https://es.wikipedia.org/wiki/Massive_Open_Online_Course}]"
}
@misc{ wiki:3,
    author = "Wikipedia",
    title = "Moodle",
    year = "2019",
    url = "\url{https://es.wikipedia.org/wiki/Moodle}",
    note = "[Internet; descargado 2-diciembre-2019 de \url{https://es.wikipedia.org/wiki/Moodle}]"
}
@misc{ wiki:4,
    author = "Wikipedia",
    title = "Dashboard",
    year = "2019",
    url = "\url{https://es.wikipedia.org/wiki/Dashboard_(software)}",
    note = "[Internet; descargado 2-diciembre-2019 de \url{https://es.wikipedia.org/wiki/Dashboard_(software)}]"
}
@misc{ wiki:5,
    author = "Wikipedia",
    title = "Dataset",
    year = "2019",
    url = "\url{https://es.wikipedia.org/wiki/Conjunto_de_datos}",
    note = "[Internet; descargado 2-diciembre-2019 de \url{https://es.wikipedia.org/wiki/Conjunto_de_datos}]"
}
@misc{ wiki:6,
    author = "Wikipedia",
    title = "PYTHON",
    year = "2019",
    url = "\url{https://es.wikipedia.org/wiki/Python}",
    note = "[Internet; descargado 2-diciembre-2019 de \url{https://es.wikipedia.org/wiki/Python}]"
}
@misc{ wiki:7,
    author = "Wikipedia",
    title = "FRAMEWORK",
    year = "2019",
    url = "\url{https://es.wikipedia.org/wiki/Framework}",
    note = "[Internet; descargado 2-diciembre-2019 de \url{https://es.wikipedia.org/wiki/Framework}]"
}
@misc{ wiki:8,
    author = "Wikipedia",
    title = "edX",
    year = "2019",
    url = "\url{https://es.wikipedia.org/wiki/EdX}",
    note = "[Internet; descargado 2-diciembre-2019 de \url{https://es.wikipedia.org/wiki/EdX}]"
}
@misc{plotly,
    author = "PLOT.LY",
    title = "DASH",
    year = "2019",
    url = "\url{https://dash.plot.ly/}",
    note = "[Internet; descargado 2-diciembre-2019 de \url{https://dash.plot.ly/}]"
}
@misc{latex,
    author = "LATEX",
    title = "LaTeX",
    year = "2019",
    url = "\url{https://www.latex-project.org/}",
    note = "[Internet; descargado 2-diciembre-2019 de \url{https://www.latex-project.org/}]"
}
@misc{matplotlib,
    author = "MATPLOTLIB",
    title = "MATPLOTLIB",
    year = "2019",
    url = "\url{https://matplotlib.org/}",
    note = "[Internet; descargado 2-diciembre-2019 de \url{https://matplotlib.org/}]"
}
@misc{numpy,
    author = "NUMPY",
    title = "NUMPY",
    year = "2019",
    url = "\url{https://numpy.org/}",
    note = "[Internet; descargado 2-diciembre-2019 de \url{https://numpy.org/}]"
}
@misc{seaborn,
    author = "SEABORN",
    title = "SEABORN",
    year = "2019",
    url = "\url{https://seaborn.pydata.org/}",
    note = "[Internet; descargado 2-diciembre-2019 de \url{https://seaborn.pydata.org/}]"
}
@misc{php,
    author = "PHP",
    title = "PHP",
    year = "2019",
    url = "\url{https://www.php.net/}",
    note = "[Internet; descargado 2-diciembre-2019 de \url{https://www.php.net/}]"
}
@misc{moodle_dataset,
    author = "OU Analyse",
    title = "Open University Learning Analytics dataset",
    year = "2019",
    url = "\url{https://analyse.kmi.open.ac.uk/open_dataset/}",
    note = "[Internet; descargado 2-diciembre-2019 de \url{https://analyse.kmi.open.ac.uk/open_dataset/}]"
}
@misc{edx_dataset,
    author = "Hardvard Dataverse",
    title = "HarvardX-MITx Person-Course Academic Year 2013 De-Identified dataset, version 2.0",
    year = "2019",
    url = "\url{https://dataverse.harvard.edu/dataset.xhtml?persistentId=doi:10.7910/DVN/26147}",
    note = "[Internet; descargado 2-diciembre-2019 de \url{https://dataverse.harvard.edu/dataset.xhtml?persistentId=doi:10.7910/DVN/26147}]"
}


@misc{heat_map,
    author = "Daniel Amo Filvà",
    title  = "Análisis de interacciones en Moodle con mapas de calor",
    month  = "aug",
    year   = "2015",
    url    = "https://eduliticas.com/2015/08/visualizacion-de-datos/analisis-de-interacciones-en-moodle-con-mapas-de-calor/",
    note   = "[Internet; descargado 2-diciembre-2019 de \url{https://eduliticas.com/2015/08/visualizacion-de-datos/analisis-de-interacciones-en-moodle-con-mapas-de-calor/}]"
}


